00100000         2023989760001900010601120014       03407X0000000550671 UNICRED NORTE PARANA COOP ECONBANCO DO BRASIL                         22510200701154900076403000000904017286PROCESSAMEN                                                 
00100011T0100020 20023989760001900010601120014       03407X0000000550671 UNICRED NORTE PARANA COOP ECON                                                                                000000002510200700000000  000000000                      
0010001300001T 0603407X0000000550671 10601120000022003   1               00000000000000000005000033012440                         0900000000000000000000000000000000000000000000000000000   000000000000000000000025000        180191060112     
0010001300002U 060000000000000000000000000000000000000000000000000000000000000000000000050000000000000047500000000000000000000000000000002510200726102007            000000000000000                              000                           
0010001300003T 0603407X0000000550671 10601120000022012   1               00000000000000000005000237034820                         0900000000000000000000000000000000000000000000000000000   000000000000000000000025000        180191060112     
0010001300004U 060000000000000000000000000000000000000000000000000000000000000000000000050000000000000047500000000000000000000000000000002510200726102007            000000000000000                              000                           
0010001300005T 0603407X0000000550671 10601120000022013   1               00000000000000000005000237034820                         0900000000000000000000000000000000000000000000000000000   000000000000000000000025000        180191060112     
0010001300006U 060000000000000000000000000000000000000000000000000000000000000000000000050000000000000047500000000000000000000000000000002510200726102007            000000000000000                              000                           
0010001300007T 0603407X0000000550671 10601120000022017   1               00000000000000000005000001021199                         0900000000000000000000000000000000000000000000000000000   000000000000000000000025000        180191060112     
0010001300008U 060000000000000000000000000000000000000000000000000000000000000000000000050000000000000047500000000000000000000000000000002510200726102007            000000000000000                              000                           
0010001300009T 0603407X0000000550671 10601120000022018   1               00000000000000000005000001021199                         0900000000000000000000000000000000000000000000000000000   000000000000000000000025000        180191060112     
0010001300010U 060000000000000000000000000000000000000000000000000000000000000000000000050000000000000047500000000000000000000000000000002510200726102007            000000000000000                              000                           
0010001300011T 0603407X0000000550671 10601120000022019   1               00000000000000000005000399003340                         0900000000000000000000000000000000000000000000000000000   000000000000000000000025000        180191060112     
0010001300012U 060000000000000000000000000000000000000000000000000000000000000000000000050000000000000047500000000000000000000000000000002510200726102007            000000000000000                              000                           
00100015         000014000000000000000000000000000000000000000000000000000000000000000000000000000000000000000000000000000000000000000000000000000                                                                                              
00199999         000001000016000000                                                                                                                                                            00000000000000000000000000000                    
